<?xml version="1.0" encoding="UTF-8"?><collection xmlns="http://www.loc.gov/MARC21/slim"><record><leader>00506nam--2200133-i-4500</leader><controlfield tag="001">000009001</controlfield><controlfield tag="002">20161230</controlfield><controlfield tag="005">20161230201028</controlfield><controlfield tag="008">060222s1000------------r-----000-0-eng-d</controlfield><datafield ind1=" " ind2=" " tag="100"><subfield code="a">Burghina, Elena Si Stavarache, Paul</subfield></datafield><datafield ind1=" " ind2=" " tag="245"><subfield code="a">Studiul cu ajutorul calculatorului analogic a fenomenelor tranzitorii la pornirea motoarelor asincrone</subfield></datafield><datafield ind1=" " ind2=" " tag="260"><subfield code="a">Bucuresti, Cons.Nat.Al Ing.Si Tehn., 1969</subfield></datafield><datafield ind1=" " ind2=" " tag="490"><subfield code="a">A Doua Conferinta A Electricienilor. I. Sectia Masini Electrice</subfield></datafield><datafield ind1=" " ind2=" " tag="852"><subfield code="a">621.3.018.782.3.001:621.316.717</subfield></datafield></record></collection>